@online{bill,
    author    = "Government of Canada",
    title     = "House Government Bill C-51 (41-2)",
    url       = "http://www.parl.gc.ca/legisinfo/BillDetails.aspx?billId=6842344&Language=E&Mode=1",
    keywords  = "C-51"
}

