@misc{C-51,
    author    = "Government of Canada",
    title     = "House Government Bill C-51 (41-2)",
    howpublished = "\url{http://www.parl.gc.ca/legisinfo/BillDetails.aspx?billId=6842344&Language=E&Mode=1}",
    keywords  = "C-51"
}

@misc{S-4,
    author    = "Government of Canada",
    title     = "House Government Bill S-4 (41-2)",
    howpublished = "\url{http://www.parl.gc.ca/legisinfo/BillDetails.aspx?Language=E&Mode=1&billId=6524311}",
    keywords  = "S-4"
}

@misc{C-6,
    author    = "Government of Canada",
    title     = "House Government Bill C-6 (36-2) PIPEDA",
    howpublished = "\url{http://www.parl.gc.ca/legisinfo/BillDetails.aspx?Language=E&Mode=1&billId=6524311}",
    keywords  = "C-6, PIPEDA"
}


@jurisdiction{arar_canada_2007,
	title = {Canada (Attorney General) v. Canada (Commission of Inquiry into the Actions of Canadian Officials in Relation to Maher Arar) (F.C.)},
	volume = {3},
	url = {http://canlii.ca/t/1sgc3},
	pages = {248},
	date = {2007-07-24}
}

@online{privacy_act,
    author    = "Government of Canada",
	title = {Privacy Act, {RSC} 1985, c P-21},
	url = {https://www.canlii.org/en/ca/laws/stat/rsc-1985-c-p-21/latest/rsc-1985-c-p-21.html?autocompleteStr=Privacy%20Act&autocompletePos=5#INTERPRETATION__1404},
	langid = {english},
    keywords  = "Privacy Act, P-21"
}

@misc{r-v-spencer,
    author    = "Supreme Court of Canada",
    title     = "R. V. Spencer - SCC Cases (Lexum)",
    howpublished = "\url{https://scc-csc.lexum.com/scc-csc/scc-csc/en/item/14233/index.do}",
    keywords  = "ruling"
}

@misc{watchdog-starved,
    author    = "Chris Hall",
    title     = "CSIS watchdog agency starved of staff, resources",
    howpublished = "\url{http://www.cbc.ca/news/politics/csis-watchdog-agency-starved-of-staff-resources-1.2965276}",
    keywords  = "watchdog"
}

@online{haydn_watters_5_2015,
	title = {5 things that change now C-51, the anti-terrorism bill, is law},
	url = {http://www.cbc.ca/news/politics/c-51-controversial-anti-terrorism-bill-is-now-law-so-what-changes-1.3108608},
	abstract = {C-51, the Conservatives’ anti-terror legislation, got royal assent Thursday afternoon. What should we expect under the new law?},
	titleaddon = {{CBC} News},
	author = {{Haydn Watters}},
	date = {2015-06-18}
}

@article{total-awareness,
    author    = "Forcese, Craid and Roach, Kent",
    title     = "Stumbling Toward Total Information Awareness: The Security of Canada Information Sharing Act",
    volume    = "12(7)",
    year      = "2015",
    journal   = "Canadian Privacy Law Review.",
    url       = "http://ssrn.com/abstract=2622703"
}

@misc{arar,
    author    = "Jeff Sallot",
    title     = "How Canada failed citizen Maher Arar",
    howpublished = "\url{http://www.theglobeandmail.com/news/national/how-canada-failed-citizen-maher-arar/article1103562/?page=all}",
    keywords  = "arar"
}

@misc{popularity,
    author    = "Justin Ling",
    title     = "Bill C-51 Is More Unpopular than Ever",
    howpublished = "\url{https://www.vice.com/en_ca/read/bill-c-51-is-more-unpopular-than-ever-28}5"
}

@misc{businesses,
    author    = "Special to the National Post",
    title     = "How C-51 will undermine Canada’s business climate: An open letter from 60 Canadian business leaders",
    howpublished = "\url{http://news.nationalpost.com/full-comment/how-c-51-will-undermine-canadas-business-climate-an-open-letter-from-60-canadian-business-leaders}"
}

@misc{bar,
    author    = "Janel Johnson",
    title     = "Canadian Bar Association urges Canadians to march in protest of Bill C-51",
    howpublished = "\url{http://www.vancouverobserver.com/national/canadian-bar-association-urges-canadians-march-protest-bill-c-51}"
}

@misc{liberty-for-security,
    author    = "Errol P. Mendes",
    title     = "Bill C-51 threatens to sacrifice liberty for security",
    howpublished = "\url{https://www.thestar.com/opinion/commentary/2015/02/24/bill-c-51-threatens-to-sacrifice-liberty-for-security.html}"
}

@misc{history-of-csis,
    author    = "CSIS",
    title     = "History of CSIS",
    howpublished = "\url{https://www.csis.gc.ca/hstrrtfcts/hstr/index-en.php}"
}
