@misc{internet-voting-report,
    author    = "Independent Panel on Internet Voting British Columbia",
    title     = "BC elections internet voting report",
    howpublished = "\url{http://www.internetvotingpanel.ca/docs/recommendations-report.pdf}"
}

@misc{halderman-estonia,
    author    = "J. Alex Halderman",
    title     = "Security Analysis of Estonia's Internet Voting System [31c3]",
    howpublished = "\url{https://www.youtube.com/watch?v=JY_pHvhE4os}"
}

@misc{halderman-estonia,
    author    = "J. Alex Halderman",
    title     = "Hacking the W.D.C. Internet Voting System",
    howpublished = "\url{https://www.youtube.com/watch?v=-SGlH1goPA4}"
}
